% ----- Exemple de biblio -----
% "\cite{nom de la citation}" pour ajouter un indice qui apparaitra dans la bibliographie, rajouter un arobase devant misc pour rendre la citation active, ici elle serait issue de \cite{cite0}

misc{cite0,
	author = {Auteur Untel},
    title = {Titre1},
   	howpublished = {\url{<http://www.url0.org/>}},
    year = 2014,
    note = "[Online; accessed 16-January-2014]"
}